@article{buchanan1964should,
  title={What should economists do?},
  author={Buchanan, James M},
  journal={Southern Economic Journal},
  pages={213--222},
  year={1964},
  publisher={JSTOR}
}
@article{hayek1945use,
  title={The use of knowledge in society},
  author={Hayek, Friedrich August},
  journal={The American economic review},
  volume={35},
  number={4},
  pages={519--530},
  year={1945},
  publisher={JSTOR}
}
@article{chakraborty2017machine,
  title={Machine learning at central banks},
  author={Chakraborty, Chiranjit and Joseph, Andreas},
  year={2017}
}
@book{bernanke2018inflation,
  title={Inflation targeting: lessons from the international experience},
  author={Bernanke, Ben S and Laubach, Thomas and Mishkin, Frederic S and Posen, Adam S},
  year={2018},
  publisher={Princeton University Press}
}